@inproceedings{ kccf,
	author = "Giorgio Ausiello and Camil Demetrescu and Irene Finocchi and Donatella Firmani",
	title = "{k-Calling Context Profiling}",
	booktitle = "27th ACM SIGPLAN Conference on
Object-Oriented Programming, Systems, Languages and Applications",
	institution = "Sapienza University of Rome",
	month = "October",
	year = 2012
}

@inproceedings{ Turing01,
		
		author = "Alan Turing",
		title = "{On computable numbers, with an application to the Entscheidungsproblem}",
		booktitle = "Proceedings of the London Mathematical Society",
		volume = "42",
		pages = "230--265",
		year = "1936"
}

@article{ Hoare01,
       author = "Charles Antony Richard Hoare",
       title = "An axiomatic basis for computer programming",
	   journal = "Communications of the ACM",
       month  = "October",
	   year = "1969" }
	   